@misc{placeholder,
  title = {{\texttt{placeholder}}},
  howpublished = {\url{https://placeholder.org}},
  year = {2021},
}
@article{mendelev2005effect,
  title={Effect of Fe segregation on the migration of a non-symmetricâˆ‘ 5 tilt grain boundary in Al},
  author={Mendelev, MI and Srolovitz, David J and Ackland, Graeme J and Han, Seungwu},
  journal={Journal of materials research},
  volume={20},
  number={1},
  pages={208--218},
  year={2005},
  publisher={Springer}
}
 @article{Cheng_Ceriotti_2018, title={Computing the absolute Gibbs free energy in atomistic simulations: Applications to defects in solids}, volume={97}, ISSN={2469-9950, 2469-9969}, DOI={10.1103/PhysRevB.97.054102}, number={5}, journal={Physical Review B}, author={Cheng, Bingqing and Ceriotti, Michele}, year={2018}, month={Feb}, pages={054102} }
